@article{yamashita1990metal,
  title={Where metal ions bind in proteins.},
  author={Yamashita, Mason M and Wesson, Laura and Eisenman, George and Eisenberg, David},
  journal={Proceedings of the National Academy of Sciences},
  volume={87},
  number={15},
  pages={5648--5652},
  year={1990},
  publisher={National Acad Sciences}
}